<?xml version="1.0" encoding="UTF-8"?><record xmlns="http://www.loc.gov/MARC21/slim" xmlns:cinclude="http://apache.org/cocoon/include/1.0" xmlns:zs="http://www.loc.gov/zing/srw/">
  <leader>00396nz  a2200121n  4500</leader>
  <controlfield tag="001">n  86040552 </controlfield>
  <controlfield tag="003">DLC</controlfield>
  <controlfield tag="005">19870109063158.0</controlfield>
  <controlfield tag="008">861124n| acannaab|          |n aaa ||| c</controlfield>
  <datafield tag="010" ind1=" " ind2=" ">
    <subfield code="a">n  86040552 </subfield>
  </datafield>
  <datafield tag="040" ind1=" " ind2=" ">
    <subfield code="a">DGPO</subfield>
    <subfield code="c">DLC</subfield>
  </datafield>
  <datafield tag="100" ind1="1" ind2="0">
    <subfield code="a">Klausmeier, Jane A.</subfield>
  </datafield>
  <datafield tag="670" ind1=" " ind2=" ">
    <subfield code="a">Her Assessing ERIC with your microcomputer, 1984:</subfield>
    <subfield code="b">doc. res. p. (Jane A. Klausmeier, ERIC Clearinghse. on Infor. Resources, Syracuse, N.Y.)</subfield>
  </datafield>
</record>